<record><leader>00000cas a2200000 a 4500</leader><controlfield tag="001">34924240</controlfield><controlfield tag="008">960613d1891192umiuwr ne      0    0eng c</controlfield><datafield ind1=" " ind2=" " tag="010"><subfield code="a">sn 96076711 </subfield></datafield><datafield ind1=" " ind2=" " tag="040"><subfield code="a">MHN</subfield><subfield code="b">eng</subfield><subfield code="c">MHN</subfield><subfield code="d">OCL</subfield><subfield code="d">OCLCQ</subfield><subfield code="d">OCLCO</subfield></datafield><datafield ind1="1" ind2=" " tag="029"><subfield code="a">AU@</subfield><subfield code="b">000012570477</subfield></datafield><datafield ind1=" " ind2=" " tag="042"><subfield code="a">pcc</subfield></datafield><datafield ind1=" " ind2=" " tag="043"><subfield code="a">n-us-mi</subfield></datafield><datafield ind1="0" ind2=" " tag="130"><subfield code="a">Middleville sun (Middleville, Mich. : 1891)</subfield></datafield><datafield ind1="1" ind2="4" tag="245"><subfield code="a">The Middleville sun.</subfield></datafield><datafield ind1=" " ind2=" " tag="260"><subfield code="a">Middleville, Mich. :</subfield><subfield code="b">J.W. Saunders</subfield></datafield><datafield ind1=" " ind2=" " tag="300"><subfield code="a">v.</subfield></datafield><datafield ind1=" " ind2=" " tag="310"><subfield code="a">Weekly</subfield></datafield><datafield ind1="0" ind2=" " tag="362"><subfield code="a">Vol. 21, no. 47 (Jan. 1, 1891) = new ser., v. 1, no. 1-v. 22, no. 48 (Dec. 31, 1891) = new ser., v. 1, no. 53 ; v. 23, no. 1 (Jan. 7, 1892) ; v. 24, no. 2 (Jan. 14, 1892)-</subfield></datafield><datafield ind1=" " ind2=" " tag="515"><subfield code="a">Issues also called: Vol. 24, no. 2 (Jan. 14, 1892)-&lt;v. 44, no. 52(Dec. 26, 1912)&gt;</subfield></datafield><datafield ind1=" " ind2=" " tag="580"><subfield code="a">Merged with: Caledonia news (Caledonia, Kent County, Mich. : 1887), to form: Middleville sun Caledonia news.</subfield></datafield><datafield ind1=" " ind2="0" tag="651"><subfield code="a">Middleville (Mich.)</subfield><subfield code="v">Newspapers.</subfield></datafield><datafield ind1=" " ind2="0" tag="651"><subfield code="a">Barry County (Mich.)</subfield><subfield code="v">Newspapers.</subfield></datafield><datafield ind1=" " ind2=" " tag="752"><subfield code="a">United States</subfield><subfield code="b">Michigan</subfield><subfield code="c">Barry</subfield><subfield code="d">Middleville.</subfield></datafield><datafield ind1="0" ind2="0" tag="780"><subfield code="t">Middleville Republican</subfield><subfield code="w">(DLC)sn 96076710</subfield><subfield code="w">(OCoLC)34924147</subfield></datafield><datafield ind1="1" ind2="7" tag="785"><subfield code="t">Caledonia news (Caledonia, Kent County, Mich. : 1887)</subfield><subfield code="w">(DLC)sn 96076705</subfield><subfield code="w">(OCoLC)34924448</subfield></datafield><datafield ind1="1" ind2="7" tag="785"><subfield code="t">Middleville sun Caledonia news</subfield><subfield code="w">(DLC)sn 96076706</subfield><subfield code="w">(OCoLC)34924577</subfield></datafield></record>